@inproceedings{pham2025,
  title={Time to Retrain? Detecting Concept Drifts in Machine Learning Systems},
  author={Pham, Tri Minh Triet and Premkumar, Karthikeyan and Naili, Mohamed and Yang, Jinqiu},
  booktitle={2025 IEEE/ACM 47th International Conference on Software Engineering: Software Engineering in Practice (ICSE-SEIP)},
  pages={260--271},
  year={2025},
  organization={IEEE},
  doi={10.48550/arXiv.2410.09190}
}

@inproceedings{agarwal2020,
	title={Contextual diversity for active learning},
	author={Agarwal, Sharat and Arora, Himanshu and Anand, Saket and Arora, Chetan},
	booktitle={European Conference on Computer Vision},
	pages={137--153},
	year={2020},
	organization={Springer},
	doi={10.1007/978-3-030-58517-4_9}
}

@incollection{aggarwal2014,
	title={Active learning: A survey},
	author={Aggarwal, Charu C and Kong, Xiangnan and Gu, Quanquan and Han, Jiawei and Yu, Philip S},
	booktitle={Data classification},
	pages={599--634},
	year={2014},
	publisher={Chapman and Hall/CRC},
	doi={10.1201/b17320-27}
}

@inproceedings{bach2008,
	title={Paired learners for concept drift},
	author={Bach, Stephen H and Maloof, Marcus A},
	booktitle={2008 Eighth IEEE International Conference on Data Mining},
	pages={23--32},
	year={2008},
	organization={IEEE}
}

@inproceedings{baena2006,
	title={Early drift detection method},
	author={Baena-Garc{\i}a, Manuel and del Campo-{\'A}vila, Jos{\'e} and Fidalgo, Raul and Bifet, Albert and Gavalda, Ricard and Morales-Bueno, Rafael},
	booktitle={Fourth international workshop on knowledge discovery from data streams},
	volume={6},
	pages={77--86},
	year={2006}
}

@book{bengio2004,
	title={Efficient non-parametric function induction in semi-supervised learning},
	author={Bengio, Yoshua and Le Roux, Nicolas and Delalleau, Olivier},
	year={2004},
	publisher={CIRANO}
}

@article{cacciarelli2024,
	title={Active learning for data streams: a survey},
	author={Cacciarelli, Davide and Kulahci, Murat},
	journal={Machine Learning},
	volume={113},
	number={1},
	pages={185--239},
	year={2024},
	publisher={Springer},
	doi={10.1007/s10994-023-06454-2}
}

@article{ditzler2012,
	title={Incremental learning of concept drift from streaming imbalanced data},
	author={Ditzler, Gregory and Polikar, Robi},
	journal={IEEE transactions on knowledge and data engineering},
	volume={25},
	number={10},
	pages={2283--2301},
	year={2012},
	publisher={IEEE}	
}

@article{frias2014,
	title={Online and non-parametric drift detection methods based on Hoeffdingâ€™s bounds},
	author={Frias-Blanco, Isvani and del Campo-{\'A}vila, Jos{\'e} and Ramos-Jimenez, Gonzalo and Morales-Bueno, Rafael and Ortiz-Diaz, Agustin and Caballero-Mota, Yail{\'e}},
	journal={IEEE Transactions on Knowledge and Data Engineering},
	volume={27},
	number={3},
	pages={810--823},
	year={2014},
	publisher={IEEE},
	doi={10.1109/tkde.2014.2345382}
}

@inproceedings{gama2004,
	title={Learning with drift detection},
	author={Gama, Joao and Medas, Pedro and Castillo, Gladys and Rodrigues, Pedro},
	booktitle={Brazilian symposium on artificial intelligence},
	pages={286--295},
	year={2004},
	organization={Springer},
	doi={10.1007/978-3-540-28645-5_29}
}

@article{gama2014,
	title={A survey on concept drift adaptation},
	author={Gama, Jo{\~a}o and {\v{Z}}liobait{\.e}, Indr{\.e} and Bifet, Albert and Pechenizkiy, Mykola and Bouchachia, Abdelhamid},
	journal={ACM computing surveys (CSUR)},
	volume={46},
	number={4},
	pages={1--37},
	year={2014},
	publisher={ACM New York, NY, USA},
	doi={doi.org/10.1145/2523813}
}

@inproceedings{fan2004,
	title={Active mining of data streams},
	author={Fan, Wei and Huang, Yi-an and Wang, Haixun and Yu, Philip S},
	booktitle={Proceedings of the 2004 SIAM International Conference on Data Mining},
	pages={457--461},
	year={2004},
	organization={SIAM},
	doi={10.1137/1.9781611972740.46}
}

@inproceedings{giobergia2024,
	title={A Synthetic Benchmark to Explore Limitations of Localized Drift Detections},
	author={Giobergia, Flavio and Pastor, Eliana and de Alfaro, Luca and Baralis, Elena},
	booktitle={International Workshop on Discovering Drift Phenomena in Evolving Landscapes},
	pages={101--110},
	year={2024},
	organization={Springer}
}

@article{gomes2017,
	title={Adaptive random forests for evolving data stream classification},
	author={Gomes, Heitor M and Bifet, Albert and Read, Jesse and Barddal, Jean Paul and Enembreck, Fabr{\'\i}cio and Pfharinger, Bernhard and Holmes, Geoff and Abdessalem, Talel},
	journal={Machine Learning},
	volume={106},
	number={9},
	pages={1469--1495},
	year={2017},
	publisher={Springer},
	doi={10.1007/s10994-017-5642-8}
}

@inproceedings{haque2016,
	title={Efficient handling of concept drift and concept evolution over stream data},
	author={Haque, Ahsanul and Khan, Latifur and Baron, Michael and Thuraisingham, Bhavani and Aggarwal, Charu},
	booktitle={2016 IEEE 32nd International Conference on Data Engineering (ICDE)},
	pages={481--492},
	year={2016},
	organization={IEEE},
	doi={https://doi.org/10.1109/icde.2016.7498264}
}

@inproceedings{haque2015,
	title={Semi supervised adaptive framework for classifying evolving data stream},
	author={Haque, Ahsanul and Khan, Latifur and Baron, Michael},
	booktitle={Pacific-Asia conference on knowledge discovery and data mining},
	pages={383--394},
	year={2015},
	organization={Springer},
	doi={10.1007/978-3-319-18032-8_30}
}

@inproceedings{hanneke2021,
	title={Toward a general theory of online selective sampling: Trading off mistakes and queries},
	author={Hanneke, Steve and Yang, Liu},
	booktitle={International Conference on Artificial Intelligence and Statistics},
	pages={3997--4005},
	year={2021},
	organization={PMLR},
	url={https://proceedings.mlr.press/v130/hanneke21a.html}
}

@article{harries1999,
	title={Splice-2 comparative evaluation: Electricity pricing},
	author={Harries, Michael and Wales, New South and others},
	year={1999},
	publisher={University of New South Wales, School of Computer Science and Engineering}
}

@inproceedings{haug2022,
	title={Change detection for local explainability in evolving data streams},
	author={Haug, Johannes and Braun, Alexander and Z{\"u}rn, Stefan and Kasneci, Gjergji},
	booktitle={Proceedings of the 31st ACM International Conference on Information \& Knowledge Management},
	pages={706--716},
	year={2022},
	url={https://arxiv.org/abs/2209.02764}
}

@article{hu2024,
	title={CADM+: Confusion-based learning framework with drift detection and adaptation for real-time safety assessment},
	author={Hu, Songqiao and Liu, Zeyi and Li, Minyue and He, Xiao},
	journal={IEEE Transactions on Neural Networks and Learning Systems},
	volume={36},
	number={3},
	pages={5126--5139},
	year={2024},
	publisher={IEEE},
	doi={10.1109/tnnls.2024.3369315}
}

@inproceedings{ienco2014,
	title={High density-focused uncertainty sampling for active learning over evolving stream data},
	author={Ienco, Dino and {\v{Z}}liobait{\.e}, Indr{\.e} and Pfahringer, Bernhard},
	booktitle={Proceedings of the 3rd international workshop on big data, streams and heterogeneous source mining: algorithms, systems, programming models and applications},
	pages={133--148},
	year={2014},
	organization={PMLR},
	url={https://proceedings.mlr.press/v36/ienco14.html}
}

@article{komnick2025,
	title={Causal Explanation of Concept Drift--A Truly Actionable Approach},
	author={Komnick, David and Lammers, Kathrin and Hammer, Barbara and Vaquet, Valerie and Hinder, Fabian},
	journal={arXiv preprint arXiv:2507.23389},
	year={2025}
}

@article{kumar2020,
	title={Active learning query strategies for classification, regression, and clustering: A survey},
	author={Kumar, Punit and Gupta, Atul},
	journal={Journal of Computer Science and Technology},
	volume={35},
	number={4},
	pages={913--945},
	year={2020},
	publisher={Springer},
	doi={10.1007/s11390-020-9487-4}
}

@article{lakshminarayanan2014,
	title={Mondrian forests: Efficient online random forests},
	author={Lakshminarayanan, Balaji and Roy, Daniel M and Teh, Yee Whye},
	journal={Advances in neural information processing systems},
	volume={27},
	year={2014},
	url={https://arxiv.org/abs/1406.2673}
}

@inproceedings{tripathi2025,
	title={Towards Explainable Drift Detection and Early Retrain in ML-Based Malware Detection Pipelines},
	author={Tripathi, Jayesh and Gomes, Heitor and Botacin, Marcus},
	booktitle={International Conference on Detection of Intrusions and Malware, and Vulnerability Assessment},
	pages={3--24},
	year={2025},
	organization={Springer},
	doi={10.1007/978-3-031-97623-0_1}
}

@article{zhang2018,
	title={Online active learning paired ensemble for concept drift and class imbalance},
	author={Zhang, Hang and Liu, Weike and Shan, Jicheng and Liu, Qingbao},
	journal={IEEE Access},
	volume={6},
	pages={73815--73828},
	year={2018},
	publisher={IEEE}
}

@inproceedings{zhang2020,
	title={A graph-based approach for active learning in regression},
	author={Zhang, Hongjing and Ravi, SS and Davidson, Ian},
	booktitle={Proceedings of the 2020 SIAM International Conference on Data Mining},
	pages={280--288},
	year={2020},
	organization={SIAM},
	doi={10.1137/1.9781611976236.32}
}

@inproceedings{zhu2007,
	title={Active learning from data streams},
	author={Zhu, Xingquan and Zhang, Peng and Lin, Xiaodong and Shi, Yong},
	booktitle={Seventh IEEE International Conference on Data Mining (ICDM 2007)},
	pages={757--762},
	year={2007},
	organization={IEEE}
}

@article{zliobaite2013,
	title={How good is the electricity benchmark for evaluating concept drift adaptation},
	author={Zliobaite, Indre},
	journal={arXiv preprint arXiv:1301.3524},
	year={2013},
	url={https://arxiv.org/abs/1301.3524}
}

@article{lee2023,
	title={Explainable Artificial Intelligence-Based Model Drift Detection Applicable to Unsupervised Environments.},
	author={Lee, Yongsoo and Lee, Yeeun and Lee, Eungyu and Lee, Taejin},
	journal={Computers, Materials \& Continua},
	volume={76},
	number={2},
	year={2023}
}

@inproceedings{liu2017,
	title={Fuzzy time windowing for gradual concept drift adaptation},
	author={Liu, Anjin and Zhang, Guangquan and Lu, Jie},
	booktitle={2017 IEEE international conference on fuzzy systems (FUZZ-IEEE)},
	pages={1--6},
	year={2017},
	organization={IEEE}
}

@article{liu2022,
	title={An online active broad learning approach for real-time safety assessment of dynamic systems in nonstationary environments},
	author={Liu, Zeyi and Zhang, Yi and Ding, Zhongjun and He, Xiao},
	journal={IEEE Transactions on Neural Networks and Learning Systems},
	volume={34},
	number={10},
	pages={6714--6724},
	year={2022},
	publisher={IEEE},
	doi={10.1109/tnnls.2022.3222265}
}

@article{lopez2020,
	title={Synthetic datasets for concept drift detection purposes},
	author={L{\'o}pez Lobo, Jes{\'u}s},
	journal={Harv. Dataverse},
	year={2020},
	url={https://doi.org/10.7910/dvn/5owrgb}
}

@inproceedings{long2008,
	title={Graph-based active learning based on label propagation},
	author={Long, Jun and Yin, Jianping and Zhao, Wentao and Zhu, En},
	booktitle={International Conference on Modeling Decisions for Artificial Intelligence},
	pages={179--190},
	year={2008},
	organization={Springer}
}

@article{lu2018,
	title={Learning under concept drift: A review},
	author={Lu, Jie and Liu, Anjin and Dong, Fan and Gu, Feng and Gama, Joao and Zhang, Guangquan},
	journal={IEEE transactions on knowledge and data engineering},
	volume={31},
	number={12},
	pages={2346--2363},
	year={2018},
	publisher={IEEE}
}

@article{lu2014,
	title={Concept drift detection via competence models},
	author={Lu, Ning and Zhang, Guangquan and Lu, Jie},
	journal={Artificial Intelligence},
	volume={209},
	pages={11--28},
	year={2014},
	publisher={Elsevier},
	doi={10.1016/j.artint.2014.01.001}
}

@article{lughofer2016,
	title={Recognizing input space and target concept drifts in data streams with scarcely labeled and unlabelled instances},
	author={Lughofer, Edwin and Weigl, Eva and Heidl, Wolfgang and Eitzinger, Christian and Radauer, Thomas},
	journal={Information Sciences},
	volume={355},
	pages={127--151},
	year={2016},
	publisher={Elsevier}
}

@article{lundberg2020,
	title={From local explanations to global understanding with explainable AI for trees},
	author={Lundberg, Scott M and Erion, Gabriel and Chen, Hugh and DeGrave, Alex and Prutkin, Jordan M and Nair, Bala and Katz, Ronit and Himmelfarb, Jonathan and Bansal, Nisha and Lee, Su-In},
	journal={Nature machine intelligence},
	volume={2},
	number={1},
	pages={56--67},
	year={2020},
	publisher={Nature Publishing Group},
	doi={10.1016/j.ins.2016.03.034}
}

@article{lundberg2017,
	title={A unified approach to interpreting model predictions},
	author={Lundberg, Scott M and Lee, Su-In},
	journal={Advances in neural information processing systems},
	volume={30},
	year={2017},
	doi={10.1038/s42256-019-0138-9}
}

@article{lyu2024,
	title={On the model update strategies for supervised learning in aiops solutions},
	author={Lyu, Yingzhe and Li, Heng and Jiang, Zhen Ming and Hassan, Ahmed E},
	journal={ACM Transactions on Software Engineering and Methodology},
	volume={33},
	number={7},
	pages={1--38},
	year={2024},
	publisher={ACM New York, NY},
	doi={10.1145/3664599}
}

@inproceedings{maas2011,
	title={Learning word vectors for sentiment analysis},
	author={Maas, Andrew and Daly, Raymond E and Pham, Peter T and Huang, Dan and Ng, Andrew Y and Potts, Christopher},
	booktitle={Proceedings of the 49th annual meeting of the association for computational linguistics: Human language technologies},
	pages={142--150},
	year={2011},
	url={ https://aclanthology.org/P11-1015/}
}

@article{min2020,
	title={Three-way active learning through clustering selection},
	author={Min, Fan and Zhang, Shi-Ming and Ciucci, Davide and Wang, Min},
	journal={International Journal of Machine Learning and Cybernetics},
	volume={11},
	number={5},
	pages={1033--1046},
	year={2020},
	publisher={Springer},
	doi={10.1007/s13042-020-01099-2}
}

@article{pinage2020,
	title={A drift detection method based on dynamic classifier selection},
	author={Pinage, Felipe and dos Santos, Eulanda M and Gama, Joao},
	journal={Data Mining and Knowledge Discovery},
	volume={34},
	number={1},
	pages={50--74},
	year={2020},
	publisher={Springer}
}

@article{ross2012,
	title={Exponentially weighted moving average charts for detecting concept drift},
	author={Ross, Gordon J and Adams, Niall M and Tasoulis, Dimitris K and Hand, David J},
	journal={Pattern recognition letters},
	volume={33},
	number={2},
	pages={191--198},
	year={2012},
	publisher={Elsevier},
	doi={10.1016/j.patrec.2011.08.019}
}

@inproceedings{satopaa2011,
	title={Finding a" kneedle" in a haystack: Detecting knee points in system behavior},
	author={Satopaa, Ville and Albrecht, Jeannie and Irwin, David and Raghavan, Barath},
	booktitle={2011 31st international conference on distributed computing systems workshops},
	pages={166--171},
	year={2011},
	organization={IEEE},
	doi={10.1109/ICDCSW.2011.20}
}

@inproceedings{sebastiao2017,
	title={Supporting the page-hinkley test with empirical mode decomposition for change detection},
	author={Sebasti{\~a}o, Raquel and Fernandes, Jos{\'e} Maria},
	booktitle={International symposium on methodologies for intelligent systems},
	pages={492--498},
	year={2017},
	organization={Springer}
}

@article{sethi2016,
	title={A grid density based framework for classifying streaming data in the presence of concept drift},
	author={Sethi, Tegjyot Singh and Kantardzic, Mehmed and Hu, Hanquing},
	journal={Journal of Intelligent Information Systems},
	volume={46},
	number={1},
	pages={179--211},
	year={2016},
	publisher={Springer},
	doi={10.1007/s10844-015-0358-3}
}

@inproceedings{street2001,
	title={A streaming ensemble algorithm (SEA) for large-scale classification},
	author={Street, W Nick and Kim, YongSeog},
	booktitle={Proceedings of the seventh ACM SIGKDD international conference on Knowledge discovery and data mining},
	pages={377--382},
	year={2001},
	doi={10.1145/502512.502568}
}

@article{masud2010,
	title={Classification and novel class detection in concept-drifting data streams under time constraints},
	author={Masud, Mohammad and Gao, Jing and Khan, Latifur and Han, Jiawei and Thuraisingham, Bhavani M},
	journal={IEEE Transactions on knowledge and data engineering},
	volume={23},
	number={6},
	pages={859--874},
	year={2010},
	publisher={IEEE}
}

@article{barros2017,
	title={RDDM: Reactive drift detection method},
	author={Barros, Roberto SM and Cabral, Danilo RL and Gon{\c{c}}alves Jr, Paulo M and Santos, Silas GTC},
	journal={Expert Systems with Applications},
	volume={90},
	pages={344--355},
	year={2017},
	publisher={Elsevier}
}






